<?xml version="1.0" encoding="UTF-8"?><collection xmlns="http://www.loc.gov/MARC21/slim"><record><leader>00503nam--2200169-u-4500</leader><controlfield tag="001">000052800</controlfield><controlfield tag="002">20161230</controlfield><controlfield tag="005">20161230201050</controlfield><controlfield tag="008">101103s1000------------r-----000-0-eng-d</controlfield><datafield ind1=" " ind2=" " tag="040"><subfield code="a">IFIN-HH</subfield></datafield><datafield ind1=" " ind2=" " tag="080"><subfield code="a">015:621.375.826:535.343:546.264</subfield></datafield><datafield ind1="1" ind2=" " tag="100"><subfield code="a">Rabinowitz, Paul J</subfield></datafield><datafield ind1="1" ind2="0" tag="245"><subfield code="a">Lamb dip spetroscopy and co2 frequency stabilization on sf6</subfield><subfield code="c">Paul j. rabinowitz</subfield></datafield><datafield ind1=" " ind2=" " tag="260"><subfield code="a">Ann Arbor, Michigan</subfield><subfield code="b">University Microfilms</subfield><subfield code="c">1970</subfield></datafield><datafield ind1=" " ind2=" " tag="300"><subfield code="a">76 P</subfield></datafield><datafield ind1=" " ind2=" " tag="852"><subfield code="a">37090</subfield><subfield code="c">535</subfield></datafield><datafield ind1=" " ind2=" " tag="CAT"><subfield code="a">Sys</subfield><subfield code="c">20101103</subfield><subfield code="h">141002</subfield></datafield></record></collection>